<record><leader>00000cas a22000007a 4500</leader><controlfield tag="001">9836962</controlfield><controlfield tag="008">830823d1847184umaudn ne      0    0eng d</controlfield><datafield ind1=" " ind2=" " tag="010"><subfield code="a">sn 83021132 </subfield></datafield><datafield ind1=" " ind2=" " tag="040"><subfield code="a">NPX</subfield><subfield code="b">eng</subfield><subfield code="c">NPX</subfield><subfield code="d">MGN</subfield><subfield code="d">NVH</subfield><subfield code="d">OCLCQ</subfield></datafield><datafield ind1=" " ind2=" " tag="042"><subfield code="a">msc</subfield></datafield><datafield ind1=" " ind2=" " tag="043"><subfield code="a">n-us-ma</subfield></datafield><datafield ind1="0" ind2=" " tag="130"><subfield code="a">American signal (Boston, Mass. : Daily)</subfield></datafield><datafield ind1="1" ind2="0" tag="245"><subfield code="a">American signal.</subfield></datafield><datafield ind1="1" ind2="3" tag="246"><subfield code="a">Daily signal</subfield></datafield><datafield ind1=" " ind2=" " tag="260"><subfield code="a">Boston [Mass.] :</subfield><subfield code="b">John E. Whitney, J.W. Monroe, George H. Moore</subfield></datafield><datafield ind1=" " ind2=" " tag="300"><subfield code="a">v.</subfield></datafield><datafield ind1=" " ind2=" " tag="310"><subfield code="a">Daily (except Sun.)</subfield></datafield><datafield ind1="0" ind2=" " tag="362"><subfield code="a">Vol. 1, no. 1 (May 20, 1847)-</subfield></datafield><datafield ind1=" " ind2=" " tag="500"><subfield code="a">Title appears within logo, June 14-&lt;Oct. 2&gt;, 1847.</subfield></datafield><datafield ind1=" " ind2=" " tag="580"><subfield code="a">Weekly eds.: Weekly signal (non-extant?).</subfield></datafield><datafield ind1=" " ind2=" " tag="752"><subfield code="a">United States</subfield><subfield code="b">Massachusetts</subfield><subfield code="c">Suffolk</subfield><subfield code="d">Boston.</subfield></datafield><datafield ind1="1" ind2=" " tag="775"><subfield code="t">Weekly signal</subfield></datafield><datafield ind1="0" ind2="0" tag="785"><subfield code="t">Daily American signal</subfield><subfield code="w">(DLC)sn 83021133</subfield></datafield><datafield ind1=" " ind2=" " tag="936"><subfield code="a">1847 Oct. 4</subfield></datafield></record>